<?xml version="1.0" encoding="UTF-8"?><collection xmlns="http://www.loc.gov/MARC21/slim"><record><leader>00409nam--2200133-i-4500</leader><controlfield tag="001">000013990</controlfield><controlfield tag="002">20161230</controlfield><controlfield tag="005">20161230201030</controlfield><controlfield tag="008">060222s1000------------r-----000-0-eng-d</controlfield><datafield ind1=" " ind2=" " tag="100"><subfield code="a">Caprini, Mihai</subfield></datafield><datafield ind1=" " ind2=" " tag="245"><subfield code="a">Organizarea controlului in sistemele de acumul area datelor experimentale in fizica nucleara. teza</subfield></datafield><datafield ind1=" " ind2=" " tag="260"><subfield code="a">Bucuresti, Institutul Central De Fizica, 1982</subfield></datafield><datafield ind1=" " ind2=" " tag="490"><subfield code="a">179 P</subfield></datafield><datafield ind1=" " ind2=" " tag="852"><subfield code="a">621.3.02(043)</subfield></datafield></record></collection>